@inproceedings{deterding_gamification_2011,
    author = {Deterding, Sebastian and Khaled, Rilla and Nacke, Lennart and Dixon, Dan},
    title = {Gamification: Toward a definition},
    booktitle = {Proceedings of CHI 2011 Workshop Gamification: Using Game Design Elements in Non-Game Contexts},
    year = {2011},
    pages = {6--9}
}

@article{koh_shifting_2022,
    author = {Koh, Joyce Hwee Ling and Daniel, Ben Kei},
    title = {Shifting online during COVID-19: A systematic review of teaching and learning strategies and their outcomes},
    journal = {International Journal of Educational Technology in Higher Education},
    volume = {19},
    number = {1},
    pages = {56},
    year = {2022}
}

@article{mohd_kasim_choosing_2016,
    author = {Mohd Kasim, Nurul Nadirah and Khalid, Fariza},
    title = {Choosing the Right Learning Management System (LMS) for the Higher Education Institution Context: A Systematic Review},
    journal = {International Journal of Emerging Technologies in Learning (iJET)},
    volume = {11},
    number = {6},
    pages = {55},
    year = {2016}
}

@article{cavus_comparison_2014,
    author = {Cavus, Nadire and Zabadi, Teyang},
    title = {A Comparison of Open Source Learning Management Systems},
    journal = {Procedia - Social and Behavioral Sciences},
    volume = {143},
    pages = {521--526},
    year = {2014}
}

@article{altinpulluk_systematic_2021,
    author = {Altinpulluk, Hakan and Kesim, Mehmet},
    title = {A Systematic Review of the Tendencies in the Use of Learning Management Systems},
    journal = {Turkish Online Journal of Distance Education},
    volume = {22},
    number = {3},
    pages = {40--54},
    year = {2021}
}

@misc{moodle_stats_2025,
    author = {{Moodle}},
    title = {Moodle Statistics},
    year = {2025},
    url = {https://stats.moodle.org/},
    note = {Accessed: 6 August 2025}
}

@article{dolawattha_impact_2019,
    author = {Dolawattha, D. D. M. and Pramadasa, H. K. Salinda and Jayaweera, Prasad M.},
    title = {The Impact Model: Teachers' Mobile Learning Adoption in Higher Education},
    journal = {International Journal of Education and Development using Information and Communication Technology (IJEDICT)},
    volume = {15},
    number = {4},
    pages = {71--88},
    year = {2019}
}

@incollection{saroja_functional_2023,
    author = {Saroja, S. and Haseena, S.},
    title = {Functional and Non-Functional Requirements in Agile Software Development},
    booktitle = {Agile Software Development},
    publisher = {John Wiley \& Sons, Ltd},
    pages = {71--86},
    year = {2023}
}

@mastersthesis{costa_thesis_2017,
    author = {Costa, Daniela Saraiva da},
    title = {Learning Scorecard: Plataforma para a Monitorização da Experiência de Aprendizagem de Alunos no Ensino Superior Aplicando Técnicas de Business Intelligence e Gamificação},
    school = {ISCTE-IUL},
    address = {Lisbon, Portugal},
    year = {2017},
    type = {Master's Thesis}
}

@mastersthesis{pedroso_thesis_2018,
    author = {Pedroso, Tiago},
    title = {Gamificação para a melhoria da experiência de aprendizagem dos alunos: Caso estudo Learning Scorecard},
    school = {ISCTE-IUL},
    address = {Lisbon, Portugal},
    year = {2018},
    type = {Master's Thesis}
}

@mastersthesis{racoes_thesis_2018,
    author = {Rações, Francisco António Couceiro Torres Barão},
    title = {Learning Scorecard: Visualização da experiência de aprendizagem em estudantes do ensino superior},
    school = {ISCTE-IUL},
    address = {Lisbon, Portugal},
    year = {2018},
    type = {Master's Thesis}
}

@inproceedings{hunicke_mda_2004,
    author = {Hunicke, Robin and LeBlanc, Marc and Zubek, Robert},
    title = {MDA: A Formal Approach to Game Design and Game Research},
    booktitle = {Proceedings of the AAAI Workshop on Challenges in Game AI},
    series = {Nineteenth National Conference on Artificial Intelligence},
    address = {San Jose, CA},
    year = {2004}
}

@misc{react_dev,
    author = {{Meta Platforms, Inc.}},
    title = {React: The Library for Web and Native User Interfaces},
    year = {2024},
    url = {https://react.dev/},
    note = {Accessed: 28 August 2025}
}

@misc{express_js,
    author = {{OpenJS Foundation}},
    title = {Express: Fast, Unopinionated, Minimalist Web Framework for Node.js},
    year = {2024},
    url = {https://expressjs.com/},
    note = {Accessed: 28 August 2025}
}

@misc{nodejs_org,
    author = {{OpenJS Foundation}},
    title = {Node.js: JavaScript Runtime Built on Chrome's V8 JavaScript Engine},
    year = {2024},
    url = {https://nodejs.org/en/},
    note = {Accessed: 28 August 2025}
}

@misc{azure_microsoft,
    author = {{Microsoft Corporation}},
    title = {Microsoft Azure: Cloud Computing Platform and Services},
    year = {2024},
    url = {https://azure.microsoft.com/en-us/},
    note = {Accessed: 28 August 2025}
}

@misc{mongodb_database,
    author = {{MongoDB, Inc.}},
    title = {MongoDB: The Developer Data Platform},
    year = {2024},
    url = {https://www.mongodb.com/},
    note = {Accessed: 28 August 2025}
}

@misc{graphdb_ontotext,
    author = {{Ontotext}},
    title = {GraphDB: Enterprise Ready RDF Database},
    year = {2024},
    url = {https://graphdb.ontotext.com/},
    note = {Accessed: 28 August 2025}
}

@misc{heroku_platform,
    author = {{Salesforce, Inc.}},
    title = {Heroku: Cloud Application Platform},
    year = {2024},
    url = {https://www.heroku.com/},
    note = {Accessed: 28 August 2025}
}

@mastersthesis{lopes_ontologies_2021,
    author = {Lopes, Miguel {\^A}ngelo Dami{\~a}o},
    title = {Utiliza{\c{c}}{\~a}o de ontologias para a gest{\~a}o de dados educacionais: caso de estudo Learning Scorecard},
    school = {ISCTE - Instituto Universitário de Lisboa},
    address = {Lisbon, Portugal},
    year = {2021},
    type = {Master's Thesis}
}

@misc{heroku_pricing,
    author = {{Salesforce, Inc.}},
    title = {Heroku Pricing},
    year = {2024},
    url = {https://www.heroku.com/pricing/},
    note = {Accessed: 28 August 2025}
}

@misc{git_scm,
    author = {{Git Community}},
    title = {Git: Distributed Version Control System},
    year = {2024},
    url = {https://git-scm.com/}
}

@misc{apache_friends_xampp,
    author = {{Apache Friends}},
    title = {XAMPP Apache + MariaDB + PHP + Perl},
    year = {2024},
    url = {https://www.apachefriends.org/}
}

@misc{docker_containers,
    author = {{Docker Inc.}},
    title = {Docker: Accelerated Container Application Development},
    year = {2024},
    url = {https://www.docker.com/}
}

@misc{bitnami_cloud,
    author = {{Bitnami}},
    title = {Bitnami: Packaged Applications for Any Platform},
    year = {2024},
    url = {https://bitnami.com/}
}

@misc{mariadb_database,
    author = {{MariaDB Foundation}},
    title = {MariaDB Server: The Open Source Relational Database},
    year = {2024},
    url = {https://mariadb.org/}
}

@misc{moodle_plugin_api,
    author = {{Moodle Pty Ltd}},
    title = {Plugin Types API Documentation},
    year = {2024},
    howpublished = {Moodle Developer Resources},
    url = {https://moodledev.io/docs/4.1/apis/plugintypes}
}